@misc{Test,
 author = {Some Random Dude},
 title = {Test Title},
 year = {1969},
}

@misc{Placeholder,
 author = {Placeholder},
 title = {Placeholder},
 year = {1969},
}