@string{ASPLOS = {Architectural Support for Programming Languages and
                  Operating Systems}}

@string{SOSP = {Proceedings of the ACM Symposium on Operating System
                  Principles}}

@inproceedings{RAMCloud,
author = {Diego Ongaro and Stephen M. Rumble and Ryan Stutsman and
                  John Ousterhout and Mendel Rosenblum},
title = {{Fast Crash Recovery in RAMCloud}},
booktitle = SOSP,
year = 2011
}

@inproceedings{NVHeaps,
author = {Joel Coburn and Adrian M. Caulfield and Ameen Akel and Laura
                  M. Grupp and Rajesh K. Gupta and Ranjit Jhala and
                  Steven Swanson},
title = {{NV-Heaps: Making Persistent Objects Fast and Safe with
                  Next-Generation, Non-Volatile Memories}},
booktitle = ASPLOS,
year = 2011
}

@inproceedings{Mnemosyne,
author = {Haris Volos and Andres Jaan Tack and Michael M. Swift},
title = {{Mnemosyne: Lightweight Persistent Memory}},
booktitle = ASPLOS,
year = 2011
}

@inproceedings{Datacenter,
author = {Luis Andre Barroso and Urs Holzle},
title = {{The Datacenter as a Computer: An Introduction to the Design
                  of Warehouse-Scale Machines}},
booktitle = {Synthesis Lectures on Computer Architecture},
year = 2009
}

@inproceedings{FaulTM,
author = {Gulay Yalcin and Osman Unsal and Ibrahim Hur and Adrian
                  Cristal and Mateo Valero},
title = {{FaulTM: Fault-Tolerance Using Hardware Transactional
                  Memory}},
booktitle = {Pespma - Workshop on Parallel Execution of Sequential
                  Programs on Multi-core Architecture},
year = 2010
}

@inproceedings{Network,
author = {Mohammad Al-Fares and Alexander Loukissas and Amin Vahdat},
title = {{A Scalable, Commodity Data Center Network Architecture}},
booktitle = {Special Interest Group on Data Communication (SIGCOMM)},
year = 2008
}

@inproceedings{EnterpriseSSD,
author = {Sang-Won Lee and Bongki Moon and Chanik Park and Jae-Myung
                  Kim and Sang-Woo Kim},
title = {A case for flash memory ssd in enterprise database
                  applications},
booktitle = {Proceedings of the SIGMOD International Conference on
                  Management of Data},
year = 2008
}

@inproceedings{FlashB-Tree,
author = {Chin-Hsien Wu and Tei-Wei Kuo and Li Ping Chang},
title = {{An efficient B-tree layer implementation for flash-memory
                  storage systems}},
booktitle = {IEEE International Conference on Embedded and Real-Time
                  Computing Systems and Applications},
year = 2003
}

@inproceedings{FD-Tree,
author = {Yinan Li and Bingsheng He and Robin Jun Yang and Qiong Luo
                  and Ke Yi},
title = {{Tree Indexing on Solid State Drives}},
booktitle = {Proceedings of the VLDB Endowment},
year = 2010
}

@techreport{DM-Cache,
author = {Eric Van Hensbergen and Ming Zhao},
title = {{Dynamic Policy Disk Caching for Storage Networking}},
institution = {IBM Research},
number = {RC24123 (W0611-189)},
month = {November},
year = 2006
}

@inproceedings{GFS,
author = {Sanjay Ghemawat and Howard Hobioff and Shun-Tak Leung},
title = {{The Google File System}},
booktitle = SOSP,
year = 2003
}

@inproceedings{FIOS.
author = {Stand Park and Kai Shen},
title = {{FIOS: A Fair, Efficient Flash I/O Scheduler}},
booktitle = {USENIX Conference on File and Storage Technologies},
year = 2012
}